	@InProceedings{unet,
	author       = "O. Ronneberger and P.Fischer and T. Brox",
	title        = "U-Net: Convolutional Networks for Biomedical Image Segmentation",
	booktitle    = "Medical Image Computing and Computer-Assisted Intervention (MICCAI)",
	series       = "LNCS",
	volume       = "9351",
	pages        = "234--241",
	year         = "2015",
	publisher    = "Springer",
	note         = "(available on arXiv:1505.04597 [cs.CV])",
	url          = "http://lmb.informatik.uni-freiburg.de/Publications/2015/RFB15a"
}
@article{sf,
	added-at = {2013-03-20T17:31:25.000+0100},
	author = {Tao, Michael and Bai, Jiamin and Kohli, Pushmeet and Paris, Sylvain},
	biburl = {https://www.bibsonomy.org/bibtex/2ce3ec424021d830772f4a69e22ea6b29/alex_ruff},
	description = {SimpleFlow: A Non-iterative, Sublinear Optical Flow Algorithm - Tao - 2012 - Computer Graphics Forum - Wiley Online Library},
	doi = {10.1111/j.1467-8659.2012.03013.x},
	interhash = {00b8ae07a85df689185aef566a9e8fe2},
	intrahash = {ce3ec424021d830772f4a69e22ea6b29},
	issn = {1467-8659},
	journal = {Computer Graphics Forum},
	keywords = {optical_flow},
	number = {2pt1},
	pages = {345--353},
	publisher = {Blackwell Publishing Ltd},
	timestamp = {2013-03-20T17:31:25.000+0100},
	title = {SimpleFlow: A Non-iterative, Sublinear Optical Flow Algorithm},
	url = {http://dx.doi.org/10.1111/j.1467-8659.2012.03013.x},
	volume = 31,
	year = 2012
}
@article{dataaug,
	title={Learning Data Augmentation Strategies for Object Detection},
	author={Barret Zoph and Ekin Dogus Cubuk and Golnaz Ghiasi and Tsung-Yi Lin and Jonathon Shlens and Quoc V. Le},
	journal={ArXiv},
	year={2019},
	volume={abs/1906.11172}
}

@Article{unerrock,
	author ="Liu, Xiaobo and Zhang, Yuwei and Jing, Hongdi and Wang, Liancheng and Zhao, Sheng",
	title  ="Ore image segmentation method using U-Net and Res_Unet convolutional networks",
	journal  ="RSC Adv.",
	year  ="2020",
	volume  ="10",
	issue  ="16",
	pages  ="9396-9406",
	publisher  ="The Royal Society of Chemistry",
	doi  ="10.1039/C9RA05877J",
	url  ="http://dx.doi.org/10.1039/C9RA05877J",
}

@article{article,
	author = {Fredj, Mohamed and Riadh, Boukarm and Abderrazak, Saadoun and Nakache, Radouane and Saoudi, Mohamed and Tighilt, Ibsa},
	year = {2019},
	month = {02},
	pages = {},
	title = {Distribution Analysis of Rock Fragments Size Based on the Digital Image Processing and the Kuz-Ram Model Cas of Jebel Medjounes Quarry},
	volume = {2},
	doi = {10.31031/AMMS.2019.02.000545}
	
}

@online{opening,
	ALTauthor = {author},
	ALTeditor = {editor},
	title = {Morphological Transformations},
	date = {01.02.2020},
	url = {https://docs.opencv.org/trunk/d9/d61/tutorial_py_morphological_ops.html},
	language = {english},
}

@thesis{estimating,
	author = {Andersson, Tobias},
	title = {Estimating particle size distributions based on machine vision},
	type = {Doctoral thesis},
	institution = {Luleå},
	date = {2010},
}


@article{mser,
	affiliation = {Department of Cybernetics, Center for Machine Perception, CTU Prague, Karlovo nám 13 CZ 121 35, Czech Republic; CVSSP, University of Surrey, Guildford GU2 7XH, UK},
	author = {Matas, J. and Chum, O. and Urban, M. and Pajdla, T.},
	doi = {10.1016/j.imavis.2004.02.006},
	journal = {Image and Vision Computing},
	keywords = {Wide-baseline stereo; Distinguished regions; Maximally stable extremal regions; MSER; Robust metric},
	language = {English},
	number = {10},
	pages = {761-767},
	title = {Robust wide-baseline stereo from maximally stable extremal regions},
	volume = {22},
	year = {2004},
}

@online{nornikel,
	ALTauthor = {author},
	ALTeditor = {editor},
	title = {Компания "Норникель"},
	date = {28.12.2019},
	url = {https://www.nornickel.ru/company/profile/},
	language = {русский},
	organization = {Компания "Норникель"},
}

@inproceedings{rudopodgotovka,
	author = {А.В. Конев, К.А. Шульгина, Ж.В. Миронова, Л.Н. Кузина, С.Ф. Богдановская},
	editor = {editor},
	title = {Рудоподготовка как основной резерв повышения технико-экономических показателей отработки месторождений руд цветных металлов и золота},
	booktitle = {VII INTERNATIONAL CONGRESS «NON-FERROUS METALS AND MINERALS – 2015»},
	date = {2015},
}

@article{watershed,
	author = {Gonzalez, Mariela and Ballarin, Virginia},
	year = {2009},
	month = {07},
	pages = {225-229},
	title = {Automatic marker determination algorithm for watershed segmentation using clustering},
	volume = {39},
	journal = {Latin American Applied Research}
}

@article{watershedmarker,
	author = {PratimAcharjya, Pinaki and Ghoshal, Dibyendu},
	year = {2012},
	month = {08},
	pages = {6-10},
	title = {Watershed Segmentation based on Distance Transform and Edge Detection Techniques},
	volume = {52},
	journal = {International Journal of Computer Applications},
	doi = {10.5120/8259-1792}
}
@INPROCEEDINGS{corrtrack,
	author={C. {Ma} and X. {Yang} and  {Chongyang Zhang} and M. {Yang}},
	booktitle={2015 IEEE Conference on Computer Vision and Pattern Recognition (CVPR)}, 
	title={Long-term correlation tracking}, 
	year={2015},
	volume={},
	number={},
	pages={5388-5396},}